<record><leader>00000cas a22000007a 4500</leader><controlfield tag="001">30449090</controlfield><controlfield tag="008">940517d190u190uctuuu ne      0    0eng d</controlfield><datafield ind1=" " ind2=" " tag="010"><subfield code="a">sn 94053073 </subfield></datafield><datafield ind1=" " ind2=" " tag="040"><subfield code="a">CNW</subfield><subfield code="b">eng</subfield><subfield code="c">CNW</subfield><subfield code="d">OCLCQ</subfield></datafield><datafield ind1=" " ind2=" " tag="042"><subfield code="a">msc</subfield></datafield><datafield ind1="0" ind2=" " tag="130"><subfield code="a">Westerly daily sun (Westerly, R.I. : Stonington and Mystic ed.)</subfield></datafield><datafield ind1="1" ind2="4" tag="245"><subfield code="a">The Westerly daily sun.</subfield></datafield><datafield ind1=" " ind2=" " tag="250"><subfield code="a">Stonington and Mystic ed.</subfield></datafield><datafield ind1=" " ind2=" " tag="260"><subfield code="a">Westerly [R.I.] :</subfield><subfield code="b">George H. Utter</subfield></datafield><datafield ind1=" " ind2=" " tag="300"><subfield code="a">v.</subfield></datafield><datafield ind1=" " ind2=" " tag="588"><subfield code="a">Description based on: June 8, 1903.</subfield></datafield><datafield ind1=" " ind2="4" tag="651"><subfield code="a">Stonington (Conn.)</subfield><subfield code="v">Newspapers.</subfield></datafield><datafield ind1=" " ind2="4" tag="651"><subfield code="a">Mystic (Conn.)</subfield><subfield code="v">Newspapers.</subfield></datafield><datafield ind1=" " ind2=" " tag="752"><subfield code="a">United States</subfield><subfield code="b">Rhode Island</subfield><subfield code="c">Washington</subfield><subfield code="d">Westerly.</subfield></datafield><datafield ind1="0" ind2=" " tag="775"><subfield code="t">Westerly daily sun (Westerly, R.I. : 1893)</subfield><subfield code="w">(DLC)sn 92064012</subfield><subfield code="w">(OCoLC)25534422</subfield></datafield><datafield ind1="1" ind2=" " tag="029"><subfield code="a">AU@</subfield><subfield code="b">000025871411</subfield></datafield></record>